<record><leader>00000cas a2200000 i 4500</leader><controlfield tag="001">1014021738</controlfield><controlfield tag="006">m     o  d        </controlfield><controlfield tag="007">cr |||||||||||</controlfield><controlfield tag="008">171206d18211822gaucr neo     0    0eng c</controlfield><datafield ind1=" " ind2=" " tag="010"><subfield code="a">  2017233553</subfield></datafield><datafield ind1=" " ind2=" " tag="040"><subfield code="a">GUA</subfield><subfield code="b">eng</subfield><subfield code="e">rda</subfield><subfield code="e">pn</subfield><subfield code="c">GUA</subfield><subfield code="d">GUA</subfield><subfield code="d">OCLCA</subfield></datafield><datafield ind1=" " ind2=" " tag="042"><subfield code="a">pcc</subfield></datafield><datafield ind1="0" ind2=" " tag="130"><subfield code="a">Augusta chronicle &amp; Georgia gazette (Augusta, Ga. : 1821)</subfield></datafield><datafield ind1="1" ind2="0" tag="245"><subfield code="a">Augusta chronicle &amp; Georgia gazette.</subfield></datafield><datafield ind1="1" ind2=" " tag="246"><subfield code="i">Issues for August 26, 1822-August 29, 1822 called:</subfield><subfield code="a">Augusta chronicle and Georgia gazette</subfield></datafield><datafield ind1="1" ind2="3" tag="246"><subfield code="a">Chronicle and gazette</subfield><subfield code="f">October 15, 1821-&lt;April 11, 1822&gt;</subfield></datafield><datafield ind1=" " ind2="1" tag="264"><subfield code="3">October 15, 1821-August 22, 1822:</subfield><subfield code="a">[Augusta, Georgia?] :</subfield><subfield code="b">[B.T. Duyckinck?],</subfield><subfield code="c">[1821-1822]</subfield></datafield><datafield ind1="3" ind2="1" tag="264"><subfield code="3">August 26, 1822-August 29, 1822:</subfield><subfield code="a">[Augusta, Georgia?] :</subfield><subfield code="b">published Benj. T. Duyckinck for the proprietor</subfield></datafield><datafield ind1=" " ind2=" " tag="300"><subfield code="a">1 online resource</subfield></datafield><datafield ind1=" " ind2=" " tag="310"><subfield code="a">Semiweekly</subfield></datafield><datafield ind1=" " ind2=" " tag="336"><subfield code="a">text</subfield><subfield code="b">txt</subfield><subfield code="2">rdacontent</subfield></datafield><datafield ind1=" " ind2=" " tag="337"><subfield code="a">computer</subfield><subfield code="b">c</subfield><subfield code="2">rdamedia</subfield></datafield><datafield ind1=" " ind2=" " tag="338"><subfield code="a">online resource</subfield><subfield code="b">cr</subfield><subfield code="2">rdacarrier</subfield></datafield><datafield ind1="1" ind2=" " tag="362"><subfield code="a">Print began with: Vol. 36, new series, no. 1 (October 15, 1821); print ceased with: Vol. 36, [new series], number [93] (August 29, 1822).</subfield></datafield><datafield ind1=" " ind2=" " tag="500"><subfield code="a">Edited by Joseph Vallence Bevan, October 15, 1821-August 22, 1821.</subfield></datafield><datafield ind1=" " ind2=" " tag="515"><subfield code="a">Some issues from January 1822 called 1821 in error.</subfield></datafield><datafield ind1=" " ind2=" " tag="515"><subfield code="a">Occasional irregularities in captions.</subfield></datafield><datafield ind1=" " ind2=" " tag="515"><subfield code="a">"New series" caption drops off with volume 36, [new series], number 91, but new series numbering continues.</subfield></datafield><datafield ind1=" " ind2=" " tag="515"><subfield code="a">Enumeration on final issue faded to illegibility.</subfield></datafield><datafield ind1=" " ind2=" " tag="580"><subfield code="a">Merged with: Georgia advertiser to form: Augusta chronicle and Georgia advertiser (Augusta, Ga. : Semiweekly : Online).</subfield></datafield><datafield ind1=" " ind2=" " tag="580"><subfield code="a">May also be published in a weekly "country paper" edition.</subfield></datafield><datafield ind1=" " ind2=" " tag="588"><subfield code="a">Description based on: Vol. 36, new series, no. 1 (October 15, 1821); title from PNG masthead (Digital Library of Georgia, viewed November 9, 2017).</subfield></datafield><datafield ind1=" " ind2=" " tag="588"><subfield code="a">Latest issue consulted: Volume 36, [new series], number [93] (August 29, 1822) (Digital Library of Georgia, viewed December 6, 2017).</subfield></datafield><datafield ind1=" " ind2="0" tag="651"><subfield code="a">Augusta (Ga.)</subfield><subfield code="v">Newspapers.</subfield></datafield><datafield ind1=" " ind2="0" tag="651"><subfield code="a">Richmond County (Ga.)</subfield><subfield code="v">Newspapers.</subfield></datafield><datafield ind1="1" ind2=" " tag="700"><subfield code="3">October 15, 1821-August 22, 1821:</subfield><subfield code="a">Bevan, Joseph Vallence,</subfield><subfield code="d">1798-1830,</subfield><subfield code="e">editor.</subfield></datafield><datafield ind1=" " ind2=" " tag="752"><subfield code="a">United States</subfield><subfield code="b">Georgia</subfield><subfield code="c">Richmond</subfield><subfield code="d">Augusta.</subfield></datafield><datafield ind1="0" ind2="8" tag="776"><subfield code="i">Print version:</subfield><subfield code="t">Augusta chronicle &amp; Georgia gazette (Augusta, Ga. : 1821)</subfield><subfield code="w">(DLC)sn 82014207</subfield><subfield code="w">(OCoLC)8777178</subfield></datafield><datafield ind1="0" ind2="0" tag="780"><subfield code="t">Augusta chronicle (Augusta, Ga. : 1820)</subfield></datafield><datafield ind1="0" ind2="7" tag="785"><subfield code="t">Georgia advertiser</subfield></datafield><datafield ind1="0" ind2="7" tag="785"><subfield code="t">Augusta chronicle and Georgia advertiser (Augusta, Ga. : Semiweekly : Online)</subfield><subfield code="w">(OCoLC)566196763</subfield></datafield><datafield ind1="4" ind2="0" tag="856"><subfield code="z">Connect to this title in the Georgia Historic Newspapers archive</subfield><subfield code="u">https://gahistoricnewspapers.galileo.usg.edu/lccn/sn82014207/</subfield></datafield></record>